@misc{portierdelyonWAIS,
        author = {Portier and Delyon},
        title = {Asymptotic optimality of adaptive importance sampling},
        howpublished = {arXiv - 1806.00989},
        year = {2018},
        note={7-8},
}
@article{pmle,
  author          = {C. Gourieroux, A. Monfort and A. Trognon },
  journal         = {The Econometric Society},
  number          = {3},
  title           = {Pseudo Maximum Likelihood Methods: Theory},
  volume          = {52},
  year            = {1984},
  note            = {pages 681-700.  DOI : https://doi.org/10.2307/1913471}
}

@article{time_series_brief_history,
  author  = {Ruey S. Tsay},
  journal = {Journal of the American Statistical Association},
  number  = {450},
  title   = {Time Series and Forecasting: Brief History and Future Research},
  volume  = {95},
  year    = {2000},
  note    = {DOI : https://doi.org/10.2307/2669408}
}

@book{evans2000approximating,
        title = {Approximating integrals via Monte Carlo and deterministic methods},
        author = {Evans and Swartz}, 
        series = {Oxford Statistical Science Series},
        volume = {20},
        year = {2000},
        publisher = {Oxford University Press}
}
